@book{Gasteiger2003,
  author = "Johann Gasteiger, Thomas Engel",
  title = "Chemoinformatics",
  publisher = "WILEY-VCH GmbH & Co. KGaA",
  year = "2003"
}

@article{wunderlich2006,
    author = "Zeba Wunderlich and Leonid A. Mirny",
    title = "Using the topology of metabolic networks to predict viability of mutant strains",
    journal = "Biophysical journal",
    year = "2006"
}

@article{jeong2001,
    author = "H.Jeong and  S.P.Manson and A.-L.Barabasi and Z.N.Oltvai",
    title = "Lethality and centrality in protein networks",
    journal = "Nature",
    year = "2001"
}

@article{lamb2006,
    author = "Justin Lamb and Emily D. Crawford and David Peck and Joshua W. Modell and Irene C. Blat and Matthew J. Wrobel and Jim Lerner and Jean-Philippe Brunet and Aravind Subramanian and
    Kenneth N. Ross and Michael Reich and Haley Hieronymus and Guo Wei and Scott A. Armstrong and Stephen J. Haggarty and Paul A. Clemons and Ru Wei and Steven A. Carr andEric S.Lander and Todd R. Golub",
    title = "The Connectivity Map: Using Gene-Expression Signatures to Connect Small Molecules, 
    Genes, and Disease",
    journal = "Science",
    year = "2006"
}

@article{joy2005,
    author = "Maliackal Poulo Joy and Amy Brock and Donald E.Ingber and Sui Huang",
    title = "High-Betweenness Proteins in the Yeast Protein Interaction Network",
    journal = "Journal of Biomedicine and Biotechnology",
    year = "2005"
}

@article{hahn2005,
    author = "Matthew W. Hahn and Andrew D.Kern",
    title = "Comparative Genomics of Centrality and Essentiality in Three Eukaryotic Protein-Interaction Networks",
    journal = "Molecular Biology and Evolution",
    year = "2005"
}

@article{wuchty2004,
  title={Topology and evolution in yeast interaction networks},
  author={Wuchty, S},
  journal={Genome Res},
  volume={14},
  pages={1310--1314},
  year={2004}
}

@article{prvzulj2004,
  title={Functional topology in a network of protein interactions},
  author={Pr{\v{z}}ulj, N and Wigle, Dennis A and Jurisica, Igor},
  journal={Bioinformatics},
  volume={20},
  number={3},
  pages={340--348},
  year={2004},
  publisher={Oxford University Press}
}

@article{park2009,
  title={Localized network centrality and essentiality in the yeast--protein interaction network},
  author={Park, Keunwan and Kim, Dongsup},
  journal={Proteomics},
  volume={9},
  number={22},
  pages={5143--5154},
  year={2009},
  publisher={Wiley Online Library}
}

@article{duan2016,
  title={L1000CDS 2: LINCS L1000 characteristic direction signatures search engine},
  author={Duan, Qiaonan and Reid, St Patrick and Clark, Neil R and Wang, Zichen and Fernandez, Nicolas F and Rouillard, Andrew D and Readhead, Ben and Tritsch, Sarah R and Hodos, Rachel and Hafner, Marc and others},
  journal={NPJ systems biology and applications},
  volume={2},
  number={1},
  pages={1--12},
  year={2016},
  publisher={Nature Publishing Group}
}