@book{Gasteiger2003,
  author = "Johann Gasteiger, Thomas Engel",
  title = "Chemoinformatics",
  publisher = "WILEY-VCH GmbH & Co. KGaA",
  year = "2003"
}

@article{wunderlich2006,
    author = "Zeba Wunderlich and Leonid A. Mirny",
    title = "Using the topology of metabolic networks to predict viability of mutant strains",
    journal = "Biophysical journal",
    year = "2006"
}

@article{jeong2001,
    author = "H.Jeong and  S.P.Manson and A.-L.Barabasi and Z.N.Oltvai",
    title = "Lethality and centrality in protein networks",
    journal = "Nature",
    year = "2001"
}

@article{lamb2006,
    author = "Justin Lamb and Emily D. Crawford and David Peck and Joshua W. Modell and Irene C. Blat and Matthew J. Wrobel and Jim Lerner and Jean-Philippe Brunet and Aravind Subramanian and
    Kenneth N. Ross and Michael Reich and Haley Hieronymus and Guo Wei and Scott A. Armstrong and Stephen J. Haggarty and Paul A. Clemons and Ru Wei and Steven A. Carr andEric S.Lander and Todd R. Golub",
    title = "The Connectivity Map: Using Gene-Expression Signatures to Connect Small Molecules, 
    Genes, and Disease",
    journal = "Science",
    year = "2006"
}

@article{joy2005,
    author = "Maliackal Poulo Joy and Amy Brock and Donald E.Ingber and Sui Huang",
    title = "High-Betweenness Proteins in the Yeast Protein Interaction Network",
    journal = "Journal of Biomedicine and Biotechnology",
    year = "2005"
}

@article{hahn2005,
    author = "Matthew W. Hahn and Andrew D.Kern",
    title = "Comparative Genomics of Centrality and Essentiality in Three Eukaryotic Protein-Interaction Networks",
    journal = "Molecular Biology and Evolution",
    year = "2005"
}

@article{wuchty2004,
  title={Topology and evolution in yeast interaction networks},
  author={Wuchty, S},
  journal={Genome Res},
  volume={14},
  pages={1310--1314},
  year={2004}
}

@article{prvzulj2004,
  title={Functional topology in a network of protein interactions},
  author={Pr{\v{z}}ulj, N and Wigle, Dennis A and Jurisica, Igor},
  journal={Bioinformatics},
  volume={20},
  number={3},
  pages={340--348},
  year={2004},
  publisher={Oxford University Press}
}

@article{park2009,
  title={Localized network centrality and essentiality in the yeast--protein interaction network},
  author={Park, Keunwan and Kim, Dongsup},
  journal={Proteomics},
  volume={9},
  number={22},
  pages={5143--5154},
  year={2009},
  publisher={Wiley Online Library}
}

@article{duan2016,
  title={L1000CDS 2: LINCS L1000 characteristic direction signatures search engine},
  author={Duan, Qiaonan and Reid, St Patrick and Clark, Neil R and Wang, Zichen and Fernandez, Nicolas F and Rouillard, Andrew D and Readhead, Ben and Tritsch, Sarah R and Hodos, Rachel and Hafner, Marc and others},
  journal={NPJ systems biology and applications},
  volume={2},
  number={1},
  pages={1--12},
  year={2016},
  publisher={Nature Publishing Group}
}


@article{damian2018,
    author={Damian Szklarczyk and Annika L Gable and David Lyon and Alexander Junge and Stefan Wyder and Jaime Huerta-Cepas and Milan Simonovic and Nadezhda T Doncheva and John H Morris and Peer Bork and Lars J Jensen and Christian von Mering},
    title={STRING v11: protein-protein association networks with increased coverage, supporting functional discovery in genome-wide experimental datasets},
    journal={Nuclear acids research},
    year={2018}
}

@article{graph-tool,
         title = {The graph-tool python library},
         url = {http://figshare.com/articles/graph_tool/1164194},
         doi = {10.6084/m9.figshare.1164194},
         urldate = {2014-09-10},
         journal = {figshare},
         author = {Peixoto, Tiago P.},
         year = {2014},
         keywords = {all, complex networks, graph, network, other}}
         
@article{cfm,
    author={Sizykh A and Murtazalieva K and Vyshkvorkina Y and Stupnikov A and Medvedeva Y},
    title={CFM: a database of experimentally validated protocols for chemical compound-based direct reprogramming and transdifferentiation},
    journal={F1000Research},
    year={2021}
}

@article{lachmann2018,
    author={Alexander Lachmann and Denis Torre and Alexandra B. Keenan and Kathleen M. Jagodnik and Hoyjin J. Lee and Lily Wang and Moshe C. Silverstein  and Avi Maâ€™ayan},
    title={Massive mining of publicly available RNA-seq data from human and mouse},
    journal={Nature Communications},
    year={2018}
}

@article{edgeR,
    author={Mark D. Robinson and Davis J. McCarthy and Gordon K. Smyth},
    title={edgeR: a Bioconductor package for differential expression analysis of digital gene expression data},
    journal={Bioinformatics},
    year={2010}
}

@article{l1000fwd,
    author={Zichen Wang and Alexander Lachmann and Alexandra B Keenan and Avi Ma'ayan},
    title={L1000FWD: fireworks visualization of drug-induced transcriptomic signatures},
    journal={Bioinformatics},
    year={2018}
}

@article{biogrid,
    author={Chris Stark and Bobby-Joe Breitkreutz and Teresa Reguly and Lorrie Boucher and Ashton Breitkreutz and Mike Tyers},
    title={BioGRID: a general repository for interaction datasets},
    journal={Nucleic Acids Research},
    year={2006}
}

@article{gsea,
    author={Aravind Subramanian and Pablo Tamayo and Vamsi K. Mootha and Sayan Mukherjee and Benjamin L. Ebert and Michael A. Gillette and Amanda Paulovich and Scott L. Pomeroy and Todd R. Golub and Eric S. Lander and Jill P. Mesirov},
    title={Gene set enrichment analysis: A knowledge-based approach for interpreting genome-wide expression profiles},
    journal={PNAS},
    year={2005}
}

@article{scikit-learn,
 title={Scikit-learn: Machine Learning in {P}ython},
 author={Pedregosa, F. and Varoquaux, G. and Gramfort, A. and Michel, V.
         and Thirion, B. and Grisel, O. and Blondel, M. and Prettenhofer, P.
         and Weiss, R. and Dubourg, V. and Vanderplas, J. and Passos, A. and
         Cournapeau, D. and Brucher, M. and Perrot, M. and Duchesnay, E.},
 journal={Journal of Machine Learning Research},
 volume={12},
 pages={2825--2830},
 year={2011}
}